@inproceedings{Vazquez,
 author = {Vazquez-Duchne, Marie-Danielle and Freis, Olga and Denis, Alain and Mion, Christophe and Jeanmaire, Christine and Mine, Solne and Pauly, Gilles},
 title = {Virtual Reality for Skin Exploration},
 booktitle = {Proceedings of the Virtual Reality International Conference: Laval Virtual},
 year = {2013},
 location = {France},
 pages = {5:1--5:4},
 url = {http://doi.acm.org/10.1145/2466816.2466822},
 publisher = {ACM},
 address = {New York, NY, USA},
} 

@inproceedings{Soyka,
 author = {Soyka, Florian and Leyrer, Markus and Smallwood, Joe and Ferguson, Chris and Riecke, Bernhard E. and Mohler, Betty J.},
 title = {Enhancing Stress Management Techniques Using Virtual Reality},
 booktitle = {Proceedings of the ACM Symposium on Applied Perception},
 year = {2016},
 location = {California},
 pages = {85--88},
 url = {http://doi.acm.org.ezproxy.falmouth.ac.uk/10.1145/2931002.2931017},
 publisher = {ACM},
 address = {New York, NY, USA},
} 

@inproceedings{Kemeny,
 author = {Kemeny, Andras},
 title = {From Driving Simulation to Virtual Reality},
 booktitle = {Proceedings of the 2014 Virtual Reality International Conference},
 year = {2014},
 location = {France},
 pages = {32:1--32:5},
 url = {http://doi.acm.org/10.1145/2617841.2620721},
 publisher = {ACM},
 address = {New York, NY, USA},
} 

@inproceedings{Kry,
 author = {Kry, Paul G. and Pihuit, Adeline and Bernhardt, Adrien and Cani, Marie-Paule},
 title = {HandNavigator: Hands-on Interaction for Desktop Virtual Reality},
 booktitle = {Proceedings of the 2008 ACM Symposium on Virtual Reality Software and Technology},
 year = {2008},
 location = {France},
 pages = {53--60},
 url = {http://doi.acm.org/10.1145/1450579.1450591},
 publisher = {ACM},
 address = {New York, NY, USA},
} 

@inproceedings{Benbouriche,
 author = {Benbouriche, Massil and Nolet, Kevin and Trottier, Dominique and Renaud, Patrice},
 title = {Virtual Reality Applications in Forensic Psychiatry},
 booktitle = {Proceedings of the 2014 Virtual Reality International Conference},
 year = {2014},
 location = {France},
 pages = {7:1--7:4},
 url = {http://doi.acm.org/10.1145/2617841.2620692},
 publisher = {ACM},
 address = {New York, NY, USA},
} 

@inproceedings{Barreau,
 author = {Barreau, Jean-Baptiste and Gaugne, Ronan and Bernard, Yann and Le Cloirec, Gatan and Gouranton, Valrie},
 title = {Virtual Reality Tools for the West Digital Conservatory of Archaeological Heritage},
 booktitle = {Proceedings of the 2014 Virtual Reality International Conference},
 year = {2014},
 location = {France},
 pages = {4:1--4:4},
 url = {http://doi.acm.org/10.1145/2617841.2617845},
 publisher = {ACM},
 address = {New York, NY, USA},
} 

@inproceedings{Wichrowski,
 author = {Wichrowski, Marcin},
 title = {Teaching Augmented Reality in Practice: Tools, Workshops and Students' Projects},
 booktitle = {Proceedings of the International Conference on Multimedia, Interaction, Design and Innovation},
 year = {2013},
 location = {Poland},
 pages = {19:1--19:10},
 url = {http://doi.acm.org/10.1145/2500342.2500362},
 publisher = {ACM},
 address = {New York, NY, USA},
} 

@inproceedings{Azmandian,
 author = {Azmandian, Mahdi and Hancock, Mark and Benko, Hrvoje and Ofek, Eyal and Wilson, Andrew D.},
 title = {Haptic Retargeting: Dynamic Repurposing of Passive Haptics for Enhanced Virtual Reality Experiences},
 booktitle = {Proceedings of the 2016 CHI Conference on Human Factors in Computing Systems},
 year = {2016},
 location = {USA},
 pages = {1968--1979},
 url = {http://doi.acm.org/10.1145/2858036.2858226},
 publisher = {ACM},
 address = {New York, NY, USA},
} 

@inproceedings{Xia,
 author = {Xia, Pingjun and Sourin, Alexei},
 title = {Design and Implementation of a Haptics-based Virtual Venepuncture Simulation and Training System},
 booktitle = {Proceedings of the 11th ACM SIGGRAPH International Conference on Virtual-Reality Continuum and Its Applications in Industry},
 year = {2012},
 location = {Singapore},
 pages = {25--30},
 url = {http://doi.acm.org/10.1145/2407516.2407523},
 publisher = {ACM},
 address = {New York, NY, USA},
} 

@inproceedings{Miyata,
 author = {Miyata, Kazunori and Umemoto, Katsuhiro and Higuchi, Takeo},
 title = {An Education Method for VR Content Creation Using Groupwork},
 booktitle = {ACM SIGGRAPH ASIA 2009 Educators Program},
 year = {2009},
 location = {Japan},
 pages = {10:1--10:5},
 url = {http://doi.acm.org/10.1145/1666611.1666621},
 publisher = {ACM},
 address = {New York, NY, USA},
} 

@inproceedings{Bugalia,
 author = {Bugalia, Nishant and Sen, Arunasish and Kalra, Prem and Kumar, Subodh},
 title = {Immersive Environment for Robotic Tele-operation},
 booktitle = {Proceedings of the 2015 Conference on Advances In Robotics},
 year = {2015},
 location = {India},
 pages = {49:1--49:6},
 url = {http://doi.acm.org/10.1145/2783449.2783498},
 publisher = {ACM},
 address = {New York, NY, USA},
} 
